<record><leader>00000cas a2200000 a 4500</leader><controlfield tag="001">42732120</controlfield><controlfield tag="008">991029d194819uucaudn ne      0    0eng c</controlfield><datafield ind1=" " ind2=" " tag="010"><subfield code="a">sn 99060912 </subfield></datafield><datafield ind1=" " ind2=" " tag="040"><subfield code="a">CNK</subfield><subfield code="b">eng</subfield><subfield code="c">CNK</subfield><subfield code="d">OCLCQ</subfield><subfield code="d">OCLCF</subfield><subfield code="d">OCLCO</subfield></datafield><datafield ind1=" " ind2=" " tag="042"><subfield code="a">pcc</subfield></datafield><datafield ind1=" " ind2=" " tag="043"><subfield code="a">n-us-ca</subfield></datafield><datafield ind1="0" ind2=" " tag="130"><subfield code="a">Citizen-news (Hollywood, Los Angeles, Calif. : 1948 : Valley ed.)</subfield></datafield><datafield ind1="1" ind2="0" tag="245"><subfield code="a">Citizen-news.</subfield></datafield><datafield ind1="1" ind2="3" tag="246"><subfield code="a">Hollywood citizen news</subfield><subfield code="f">Feb. 14-Nov. 14, 1948</subfield></datafield><datafield ind1=" " ind2=" " tag="250"><subfield code="a">Valley ed.</subfield></datafield><datafield ind1=" " ind2=" " tag="260"><subfield code="a">Hollywood, Calif. :</subfield><subfield code="b">Harlan G. Palmer</subfield></datafield><datafield ind1=" " ind2=" " tag="300"><subfield code="a">v.</subfield></datafield><datafield ind1=" " ind2=" " tag="310"><subfield code="a">Daily (except Sun.)</subfield></datafield><datafield ind1="0" ind2=" " tag="362"><subfield code="a">Vol. 43, no. 275 (Feb. 14, 1948)-</subfield></datafield><datafield ind1=" " ind2="0" tag="651"><subfield code="a">Hollywood (Los Angeles, Calif.)</subfield><subfield code="v">Newspapers.</subfield></datafield><datafield ind1=" " ind2="0" tag="651"><subfield code="a">San Fernando Valley (Calif.)</subfield><subfield code="v">Newspapers.</subfield></datafield><datafield ind1=" " ind2="7" tag="655"><subfield code="a">Newspapers.</subfield><subfield code="2">fast</subfield><subfield code="0">(OCoLC)fst01423814</subfield></datafield><datafield ind1=" " ind2="7" tag="651"><subfield code="a">California</subfield><subfield code="z">Los Angeles</subfield><subfield code="z">Hollywood.</subfield><subfield code="2">fast</subfield><subfield code="0">(OCoLC)fst01312041</subfield></datafield><datafield ind1=" " ind2="7" tag="651"><subfield code="a">California</subfield><subfield code="z">San Fernando Valley.</subfield><subfield code="2">fast</subfield><subfield code="0">(OCoLC)fst01242395</subfield></datafield><datafield ind1=" " ind2=" " tag="752"><subfield code="a">United States</subfield><subfield code="b">California</subfield><subfield code="c">Los Angeles</subfield><subfield code="d">Los Angeles.</subfield></datafield><datafield ind1="0" ind2=" " tag="775"><subfield code="t">Hollywood citizen-news (Hollywood, Los Angeles, Calif. : 1945)</subfield><subfield code="w">(DLC)sn 99060914</subfield></datafield><datafield ind1="0" ind2="0" tag="780"><subfield code="t">Valley citizen-news</subfield><subfield code="w">(DLC)sn 99060911</subfield></datafield></record>